@book{Hennessy2017,
    title={Computer Architecture: A systematic Approach},
    author={Hennessy, Peterson},
    year={2017},
    publisher={Lemon}
}

@book{David2015,
    title={Computer Organization and Design},
    author={David A Paterson and John Hennessey},
    volume={206},
    year={2015},
    publisher={Springer}
}

@book{Barnes1998,
    title={Digital Logic Design},
    author={Barnes},
    volume={2},
    year={1998},
    publisher={DCW industries La Canada, CA}
}

@book{Flynn2000,
    title={Comp Arch: Parallel and Pipelined Design},
    author="Michael Flynn",
    year={2000},
    publisher={DCW industries Flintridge, CA}
}
